<?xml version="1.0" encoding="UTF-8"?><collection xmlns="http://www.loc.gov/MARC21/slim"><record><leader>00525nam--2200181-u-4500</leader><controlfield tag="001">000052138</controlfield><controlfield tag="002">20161230</controlfield><controlfield tag="005">20161230201049</controlfield><controlfield tag="008">090807s1000------------r-----000-0-eng-d</controlfield><datafield ind1=" " ind2=" " tag="040"><subfield code="a">IFIN-HH</subfield></datafield><datafield ind1=" " ind2=" " tag="080"><subfield code="a">518.2</subfield></datafield><datafield ind1="1" ind2=" " tag="100"><subfield code="a">Aiken,H.H</subfield></datafield><datafield ind1="1" ind2=" " tag="245"><subfield code="a">Tables of the Bessel Funcstions of the First Kind of Orders ten, Eleven and Twelve by the Staf of the Computation Laboratory</subfield></datafield><datafield ind1=" " ind2=" " tag="260"><subfield code="a">Cambridge</subfield><subfield code="b">Harvard Univ.Press</subfield><subfield code="c">1947</subfield></datafield><datafield ind1=" " ind2=" " tag="300"><subfield code="a">p.dif</subfield></datafield><datafield ind1=" " ind2=" " tag="490"><subfield code="v">vol.7</subfield></datafield><datafield ind1=" " ind2=" " tag="852"><subfield code="a">12300</subfield><subfield code="c">518.2</subfield></datafield><datafield ind1=" " ind2=" " tag="CAT"><subfield code="a">Sys</subfield><subfield code="c">20090807</subfield><subfield code="h">080346</subfield></datafield></record></collection>